% This file was created with JabRef 2.9.
% Encoding: Cp1252

@ARTICLE{AAB95,
  author = {Y. A. Abramovich and C. D. Aliprantis and O. Burkinshaw},
  title = {Another Characterization of the Invariant Subspace Problem},
  journal = {Operator Theory in Function Spaces and Banach Lattices. {\em The
	A.C.\,Zaanen Anniversary Volume}, Operator Theory: Advances and Applications},
  year = {1995},
  volume = {75},
  pages = {15-31},
  note = {Birkh\"auser Verlag}
}

@BOOK{Aup91,
  title = {A {Primer} on {Spectral} {Theory}},
  publisher = {Springer-Verlag},
  year = {1991},
  author = {B. Aupetit},
  address = {New York}
}

@ARTICLE{dB93,
  author = {L. de Branges},
  title = {A construction of invariant subspaces},
  journal = {Math. Nachr.},
  year = {1993},
  volume = {163},
  pages = {163-175}
}

@ARTICLE{dB59,
  author = {L. de Branges},
  title = {The {Stone}-{Weierstrass} {Theorem}},
  journal = {Proc. Amer. Math. Soc.},
  year = {1959},
  volume = {10},
  pages = {822-824}
}

@BOOK{Con90,
  title = {A {Course} in {Functional} {Analysis}},
  publisher = {Springer-Verlag},
  year = {1990},
  author = {J. B. Conway},
  address = {New York},
  edition = {Second}
}

@BOOK{Con78,
  title = {Functions of {One} {Complex} {Variable}},
  publisher = {Springer-Verlag},
  year = {1978},
  author = {J. B. Conway},
  address = {New York}
}

@ARTICLE{Dau75,
  author = {J. Daughtry},
  title = {An invariant subspace theorem},
  journal = {Proc. Amer. Math. Soc.},
  year = {1975},
  volume = {49},
  pages = {267-268}
}

@BOOK{Dav88,
  title = {Nest algebras},
  publisher = {Longman Scientific \& Technical},
  year = {1988},
  author = {Kenneth R. Davidson},
  volume = {191},
  series = {Pitman Research Notes in Mathematics Series},
  address = {Harlow UK}
}

@BOOK{Dev68,
  title = {Advanced {Calculus}},
  publisher = {Holt, Rinehart and Winston},
  year = {1968},
  author = {Allen Devinaz},
  address = {New York}
}

@BOOK{Dou72,
  title = {Banach {Algebra} {Techniques} in {Operator} {Theory}},
  publisher = {Academic Press},
  year = {1972},
  author = {R. G. Douglas},
  address = {New York}
}

@BOOK{DS57,
  title = {Linear {Operators}, {Part} {I}: {General} {Theory}},
  publisher = {Interscience},
  year = {1957},
  author = {N. Dunford and J. T. Schwartz},
  address = {New York}
}

@INBOOK{SFPT,
  pages = {456},
  title = {Linear {Operators}, {Part} {I}: {General} {Theory}},
  publisher = {Interscience},
  year = {1957},
  author = {N. Dunford and J. T. Schwartz},
  address = {New York}
}

@BOOK{Eckel2006,
  title = {Thinking In Java},
  year = {2006},
  editor = {Fourth Edition},
  author = {Bruce Eckel},
  owner = {TAN},
  quality = {1},
  timestamp = {2013.01.28}
}

@ARTICLE{Enf87,
  author = {P. Enflo},
  title = {On the invariant subspaces problem for {Banach} spaces},
  journal = {Acta. Math.},
  year = {1987},
  volume = {158},
  pages = {213-313},
  note = {Seminare Maurey-Schwartz (1975-1976)}
}

@BOOK{Gan59,
  title = {Applications of the {Theory} of {Matrices}},
  publisher = {Interscience},
  year = {1959},
  author = {F. R. Gantmacher},
  address = {New York}
}

@BOOK{Hal82,
  title = {A {Hilbert} {Space} {Problem} {Book}},
  publisher = {Springer-Verlag},
  year = {1982},
  author = {P. R. Halmos},
  address = {New York},
  edition = {Second}
}

@BOOK{Hen93,
  title = {Object-oriented specification and design with {C}$++$},
  publisher = {McGraw-Hill},
  year = {1993},
  author = {Peter Henderson},
  address = {London}
}

@BOOK{KR86,
  title = {Fundamentals of the {Theory} of {Operator} {Algebras}, {Part} {II}},
  publisher = {Academic Press},
  year = {1986},
  author = {R. V. Kadison and J. R. Ringrose},
  address = {New York}
}

@BOOK{KR83,
  title = {Fundamentals of the {Theory} of {Operator} {Algebras}, {Part} {I}},
  publisher = {Academic Press},
  year = {1983},
  author = {R. V. Kadison and J. R. Ringrose},
  address = {New York}
}

@ARTICLE{KPS75,
  author = {H. W. Kim and C. Pearcy and A. L. Shields},
  title = {Rank-One Commutators and Hyperinvariant Subspaces},
  journal = {Michigan Math. J.},
  year = {1975},
  volume = {22},
  pages = {193-194},
  number = {3}
}

@BOOK{texbook,
  title = {The {{\TeX}book}},
  publisher = {Addison-Wesley},
  year = {1984},
  author = {Donald E. Knuth}
}

@BOOK{latex,
  title = {{\LaTeX:} {A} Document Preparation System},
  publisher = {Addison-Wesley},
  year = {1986},
  author = {Leslie Lamport}
}

@ARTICLE{LM65,
  author = {Ju. I. Ljubi\v{c} and V. I. Macaev},
  title = {On Operators with a Separable Spectrum},
  journal = {Amer. Math. Soc. Transl. (2)},
  year = {1965},
  volume = {47},
  pages = {89-129}
}

@ARTICLE{Lom92,
  author = {V. I. Lomonosov},
  title = {On {Real} {Invariant} {Subspaces} of {Bounded} {Operators} with {Compact}
	{Imaginary} {Part}},
  journal = {Proc. Amer. Math. Soc.},
  year = {1992},
  volume = {115},
  pages = {775-777},
  number = {3},
  month = jul
}

@ARTICLE{Lom91,
  author = {V. I. Lomonosov},
  title = {An extension of {Burnside}'s theorem to infinite dimensional spaces},
  journal = {Israel J. Math},
  year = {1991},
  volume = {75},
  pages = {329-339}
}

@ARTICLE{Lom73,
  author = {V. I. Lomonosov},
  title = {Invariant subspaces for operators commuting with compact operators},
  journal = {Functional Anal. Appl.},
  year = {1973},
  volume = {7},
  pages = {213-214}
}

@ARTICLE{MOR91,
  author = {B. Mathes and M. Omladi\v{c} and H. Radjavi},
  title = {Linear {Spaces} of {Nilpotent} {Operators}},
  journal = {Linear Algebra Appl.},
  year = {1991},
  volume = {149},
  pages = {215-225}
}

@BOOK{Pau86,
  title = {Completely bounded maps and dilations},
  publisher = {Longman Scientific \& Technical},
  year = {1986},
  author = {Vern I. Paulsen},
  volume = {146},
  series = {Pitman Research Notes in Mathematics Series},
  address = {Harlow UK}
}

@ARTICLE{Rad87,
  author = {H. Radjavi},
  title = {The {Engel}-{Jacobson} {Theorem} {Revisited}},
  journal = {J. Alg.},
  year = {1987},
  volume = {111},
  pages = {427-430}
}

@BOOK{RR73,
  title = {Invariant {Subspaces}},
  publisher = {Springer-Verlag},
  year = {1973},
  author = {H. Radjavi and P. Rosenthal},
  address = {New York}
}

@ARTICLE{Rea85,
  author = {C. J. Read},
  title = {A solution to the invariant subspace problem on the space $l_1$},
  journal = {Bull. London Math. Soc.},
  year = {1985},
  volume = {17},
  pages = {305-317}
}

@BOOK{Rud73,
  title = {Functional {Analysis}},
  publisher = {McGraw-Hill},
  year = {1973},
  author = {W. Rudin},
  address = {New York}
}

@ARTICLE{Sim96a,
  author = {A. Simoni\v{c}},
  title = {A {Construction} of {Lomonosov} {Functions} and {Applications} to
	the {Invariant} {Subspace} {Problem}},
  journal = {Pacific J. Math.},
  year = {1996},
  volume = {175},
  pages = {257-270}
}

@ARTICLE{Sim96b,
  author = {A. Simoni\v{c}},
  title = {An extension of {Lomonosov's} {Techniques} to non-compact {Operators}},
  journal = {Trans. Amer. Math. Soc.},
  year = {1996},
  volume = {348},
  pages = {975-995}
}

@PHDTHESIS{Sim94,
  author = {A. Simoni\v{c}},
  title = {An {Extension} of {Lomonosov's} {Techniques} to {Non}-{Compact} {Operators}},
  school = {Dalhousie University, Department of Mathematics, Statistics, \& Computing
	Science},
  year = {1994}
}

@ARTICLE{Sim92,
  author = {A. Simoni\v{c}},
  title = {Matrix {Groups} with {Positive} {Spectra}},
  journal = {Linear Algebra Appl.},
  year = {1992},
  volume = {173},
  pages = {57-76}
}

@UNPUBLISHED{Sim91,
  author = {A. Simoni\v{c}},
  title = {Notes on {Subharmonic} {Functions}},
  note = {Lecture Notes, Dalhousie University, Department of Mathematics, Statistics,
	\& Computing Science},
  year = {1991}
}

@MASTERSTHESIS{Sim90,
  author = {A. Simoni\v{c}},
  title = {Grupe Operatorjev s Pozitivnim Spektrom},
  school = {Univerza v Ljubljani, FNT, Oddelek za Matematiko},
  year = {1990}
}

@BOOK{Spi65,
  title = {Calculus on {Manifolds}},
  publisher = {The Benjamin/Cummings Publishing Company},
  year = {1965},
  author = {Michael Spivak},
  address = {New York}
}

@MISC{prime-number-theorem,
  author = {Charles Louis Xavier Joseph de la Vall{\'e}e Poussin},
  note = {A strong form of the prime number theorem, 19th century}
}

@BOOK{Gam90,
  title = {Analysis {I}{I}: {Convex} {Analysis} and {Approximation} {Theory}},
  publisher = {Springer-Verlag},
  year = {1990},
  editor = {R. V. Gamkerlidze},
  volume = {14},
  series = {Encyclopaedia of Mathematical Sciences},
  address = {New York}
}

