@inproceedings{ swierstra01combinator,
author = "Doaitse Swierstra",
title = {Combinator Parsers: From Toys to Tools},
booktitle = "Electronic Notes in Theoretical Computer
Science",
volume = 41,
issue = "1",
publisher = "Elsevier Science Publishers",
editor = "Graham Hutton",
year = "2001",
url = "http://math.tulane.edu/~entcs/"
}